<?xml version="1.0" encoding="UTF-8"?><record xmlns="http://www.loc.gov/MARC21/slim" xmlns:cinclude="http://apache.org/cocoon/include/1.0" xmlns:zs="http://www.loc.gov/zing/srw/">
  <leader>00806nz  a2200193n  4500</leader>
  <controlfield tag="001">no2014008904</controlfield>
  <controlfield tag="003">DLC</controlfield>
  <controlfield tag="005">20140124073525.0</controlfield>
  <controlfield tag="008">140123n| azannaabn          |a ana     c</controlfield>
  <datafield tag="010" ind1=" " ind2=" ">
    <subfield code="a">no2014008904</subfield>
  </datafield>
  <datafield tag="035" ind1=" " ind2=" ">
    <subfield code="a">(OCoLC)oca09663517</subfield>
  </datafield>
  <datafield tag="040" ind1=" " ind2=" ">
    <subfield code="a">OCUCA</subfield>
    <subfield code="b">eng</subfield>
    <subfield code="e">rda</subfield>
    <subfield code="c">OCUCA</subfield>
  </datafield>
  <datafield tag="046" ind1=" " ind2=" ">
    <subfield code="k">19951102</subfield>
  </datafield>
  <datafield tag="110" ind1="1" ind2=" ">
    <subfield code="a">United States.</subfield>
    <subfield code="t">Hawaiian Home Lands Recovery Act</subfield>
  </datafield>
  <datafield tag="380" ind1=" " ind2=" ">
    <subfield code="a">Statutes and codes</subfield>
    <subfield code="2">lcgft</subfield>
  </datafield>
  <datafield tag="410" ind1="1" ind2=" ">
    <subfield code="a">United States.</subfield>
    <subfield code="t">Public Law 104-42,</subfield>
    <subfield code="n">Title II</subfield>
  </datafield>
  <datafield tag="410" ind1="1" ind2=" ">
    <subfield code="a">United States.</subfield>
    <subfield code="t">P.L. 104-42,</subfield>
    <subfield code="n">Title II</subfield>
  </datafield>
  <datafield tag="410" ind1="1" ind2=" ">
    <subfield code="a">United States.</subfield>
    <subfield code="t">Hawaiian Home Lands</subfield>
  </datafield>
  <datafield tag="670" ind1=" " ind2=" ">
    <subfield code="a">Alaska Native Claims Settlement Act, amendments, Hawaiian Home Lands Recovery Act : P.L. 104-42 : 109 Stat. 353 : November 2, 1995, 1997:</subfield>
    <subfield code="b">(Public Law 104-42, Title II, Hawaiian Home Lands; short title: Hawaiian Home Lands Recovery Act."</subfield>
  </datafield>
</record>